@electronic
{
    libconfig,
    title = "{libconfig â€“ C/C++ Configuration File Library}",
    author = "{hyperrealm}",
    url = "{http://www.hyperrealm.com/libconfig/}",
    note = {Accessed: 2017-04-16},
}

@electronic
{
    printCurrentTime,
    title = "{Getting the current time in milliseconds}",
    author = "{Dan Moulding}",
    url = "{http://stackoverflow.com/a/17371925}",
    note = {Accessed: 2017-04-20},
}

@IEEEtranBSTCTL{IEEEexample:BSTcontrol,  
    CTLuse_forced_etal       = "yes",  
    CTLmax_names_forced_etal = "3",  
    CTLnames_show_etal       = "1"
}